@article{agamben2011,
  title={¿Qué es un dispositivo?},
  author={Agamben, Giorgio},
  journal={Sociológica},
  volume={73},
  year={2011}
}

@book{bauman2015,
  title = {Ceguera moral: La pérdida de sensibilidad en la modernidad líquida},
  author = {Bauman, Zygmunt and Donskis, Leonidas},
  year = {2015},
  publisher = {Paidós},
  keywords = {maldad, formas, líquida}
}

@book{zimbardo2014,
  title = {EL EFECTO LUCIFER: El porqué de la maldad},
  author = {Zimbardo, Philip},
  year = {2014},
  publisher = {Paidós},
  keywords = {pertenencia, propaganda}
}

@misc{video,
    author = {Harari, Yuval Noah and Sandel, Michel},
    year = {2020},
    title = {Los dilemas de un mundo que colapsa},
    url = "https://youtu.be/iksNSsnwq_Q",
    addendum = "(accedido: 10/10/2021)",
    organization = {FIL Guadalajara}
}

@online{documental,
    author = "Netflix",
    title = "The Social Dilemma",
    year = {2021},
    url = "https://youtu.be/7mqR_e2seeM",
    addendum = "(accedido: 09.10.2021)",
    keywords = "redes sociales, información, big tech"
}
