@book{plagioyetica,
  title = {Plagio y ética},
  author = {Beltrán, Rosa; and others},
  year = {2018},
  publisher = {Universidad Nacional Autónoma de México},
  keywords = {plagio,ética,UNAM}
}

@misc{guiaderecho,
    author = {{Coordinación de Transparencia y Rendición de Cuentas}},
    year = {2014},
    title = {Guía rápida sobre plagio y derechos de autor},
    url = "https://www.derecho.unam.mx/integridad-academica/pdf/guia-plagio-derecho-autor.pdf",
    addendum = "(accedido: 05/09/2021)",
    organization = {UNAM}
}

@online{eticaacademica,
    author = "UNAM",
    title = "Plagio",
    year = {2014},
    url = "http://www.eticaacademica.unam.mx/Plagio.html",
    addendum = "(accedido: 05.09.2021)",
    keywords = "plagio,UNAM"
}

@online{definicion,
    author = "RAE",
    title = "Plagiar",
    year = {2020},
    url = "https://dle.rae.es/plagiar",
    addendum = "(accedido: 05.09.2021)",
    keywords = "plagio,definición"
}

@online{codigo,
    author = "",
    title = "Código Penal Federal. Libro Segundo. Título Vigésimo Sexto - De los Delitos en Materia de Derechos de Autor",
    year = {2020},
    url = "https://mexico.justia.com/federales/codigos/codigo-penal-federal/libro-segundo/titulo-vigesimo-sexto/",
    addendum = "(accedido: 05.09.2021)",
    keywords = "código,gobierno"
}

@online{comprobadorplagio,
    author = "",
    title = "Comprobador de plagio de código",
    year = {2016},
    url = "https://copyleaks.com/es/code-plagiarism-checker#verificador-de-plagio-de-cdigo-fuente",
    addendum = "(accedido: 05.09.2021)",
    keywords = "comprobador,código"
}

@misc{presentacionplagio,
    author = {Sarrión, Joaquín},
    year = {2016},
    month = {3},
    pages = {11-29},
    title = {Plagio. Qué es y qué consecuencias tiene},
    url = "https://www.researchgate.net/publication/302261122_Plagio_Que_es_y_que_consecuencias_tiene",
    addendum = "(accedido: 05/09/2021)",
    organization = {Universitat de València, Valencia}
}

@misc{noticia,
    author = {Ordaz, David},
    year = {2016},
    month = {8},
    title = {El plagio constituye un delito que se castiga hasta con cárcel: Luis Fernando Granados},
    url = "https://aristeguinoticias.com/2908/mexico/el-plagio-constituye-un-delito-que-se-castiga-hasta-con-carcel-luis-fernando-granados/",
    addendum = "(accedido: 05/09/2021)",
    organization = {Aristegui Noticias}
}

@inproceedings{adminproy,
    author = {Zaldívar, Orlando},
    title = {Propiedad Intelectual},
    booktitle = {Administración de Proyectos de Software},
    year = {2020},
    editor = {{Facultad de Ingeniería, UNAM}}
}
