@inproceedings{ipsum2010lorem,
  title={Lorem ipsum},
  author={Ipsum, Lorem},
  booktitle={Proceedings of the 1st International Workshop on},
  year={2010}
}

@article{kim1995novel,
  title={A novel voltage modulation technique of the space vector PWM},
  author={Kim, Joohn Sheok and Sul, Seung Ki},
  journal={Chongi Hakhoe Nonmunchi (Transactions of the Korean Institute of Electrical Engineers)},
  volume={44},
  year={1995}
}

@book{libro,
  title = {Plagio y ética},
  author = {Beltrán, Rosa; and others},
  year = {2018},
  publisher = {Universidad Nacional Autónoma de México},
  keywords = {plagio,ética,UNAM}
}

@online{pagina_web,
    author = "UNAM",
    title = "Plagio",
    year = {2014},
    url = "http://www.eticaacademica.unam.mx/Plagio.html",
    addendum = "(accedido: 05.09.2021)",
    keywords = "plagio,UNAM"
}

@misc{sitio_web,
    author = {Sarrión, Joaquín},
    year = {2016},
    month = {3},
    pages = {11-29},
    title = {Plagio. Qué es y qué consecuencias tiene},
    url = "https://www.researchgate.net/publication/302261122_Plagio_Que_es_y_que_consecuencias_tiene",
    addendum = "(accedido: 05/09/2021)",
    organization = {Universitat de València, Valencia}
}

@inproceedings{cursos_materias,
    author = {Zaldívar, Orlando},
    title = {Propiedad Intelectual},
    booktitle = {Administración de Proyectos de Software},
    year = {2020},
    editor = {{Facultad de Ingeniería, UNAM}}
}