@article{tinkercard,
    author = "Andres M. Díaz and others",
    title = "Simulación de modulación por ancho de pulso usando Tinkercard",
    journal = "Computer and Electronic Sciences: Theory and Applications",
    volume = "1",
    number = "1",
    pages = "31-35",
    year = "2020",
    DOI = "https://doi.org/10.17981/cesta.01.01.2020.03",
    keywords = "simulador"
}

@article{arduino,
    author = "Niurka Monteavaro and Pablo Montejo",
    title = "EVALUACIÓN POR SIMULACIÓN EN PROTEUS DE SALIDAS PWM DE ARDUINO UNO",
    journal = "Telemática",
    volume = "18",
    number = "3",
    pages = "46-54",
    year = "2019",
    issn = "1729-3804",
    keywords = "simulador"
}