@online{res_comerciales,
    author = "Veloso, Cristian",
    title = "Codigo de colores de las resistencias electricas",
    year = {2016},
    url = "https://www.electrontools.com/Home/WP/codigo-de-colores-resistencias/",
    addendum = "(accedido: 16.10.2021)",
    keywords = "resistencias, comerciales, c√≥digo"
}

@article{lozano2017estudio,
  title={Estudio de convertidor ADC para aplicaciones de espectrometr{\'\i}a de bioimpedancias},
  author={Lozano Fern{\'a}ndez, Diego},
  year={2017}
}

@article{montoro2016reduccion,
  title={Reducci{\'o}n de la Frecuencia de Muestreo en los Conversores ADC y DAC usados en Predistorsionadores Digitales},
  author={Montoro L{\'o}pez, Gabriel and Wang, Teng and L{\'o}pez Bueno, David and Ruiz Lav{\'\i}n, Mar{\'\i}a de las Nieves and Garc{\'\i}a Garc{\'\i}a, Jos{\'e} {\'A}ngel and Gilabert Pinal, Pere Llu{\'\i}s and others},
  year={2016}
}

@book{serrato2006desarrollo,
  title={Desarrollo de un sistema ADC con una precisi{\'o}n efectiva de 16-bits para se{\~n}ales de entrada de frecuencia m{\'a}xima 100-Khz: aplicaci{\'o}n en unidades de registro de datos para veh{\'\i}culos de F{\'o}rmula-1: tesis doctoral},
  author={Serrato, Carlos Castro},
  year={2006},
  publisher={Editorial de la Universidad de Granada}
}
